
@article{HAT,
  author    = {Yiding Zhang and
               Xiao Wang and
               Xunqiang Jiang and
               Chuan Shi and
               Yanfang Ye},
  title     = {Hyperbolic Graph Attention Network},
  journal   = {CoRR},
  volume    = {abs/1912.03046},
  year      = {2019}
}

@InProceedings{Octavian2018HyperbolicNeuralNetworks,
  author	   = {Octavian{-}Eugen Ganea and Gary B{\'{e}}cigneul and
                  Thomas Hofmann},
  title		   = {Hyperbolic Neural Networks},
  year		   = 2018,
  booktitle	   = {NeurIPS},
  pages		   = {5350-5360}
}

@InProceedings{NickelK17Poincare,
  author	   = {Maximilian Nickel and Douwe Kiela},
  title		   = {Poincar{\'{e}} Embeddings for Learning Hierarchical
                  Representations},
  year		   = 2017,
  booktitle	   = {NeurIPS},
  pages		   = {6338-6347}
}

@inproceedings{HGCN_ChamiYRL19,
  author    = {Ines Chami and
               Zhitao Ying and
               Christopher R{\'{e}} and
               Jure Leskovec},
  title     = {Hyperbolic Graph Convolutional Neural Networks},
  booktitle = {NeurIPS},
  pages     = {4869--4880},
  year      = {2019}
}

@inproceedings{BiGCN,
  author    = {Tian Bian and
               Xi Xiao and
               Tingyang Xu and
               Peilin Zhao and
               Wenbing Huang and
               Yu Rong and
               Junzhou Huang},
  title     = {Rumor Detection on Social Media with Bi-Directional Graph Convolutional
               Networks},
  booktitle = {AAAI},
  pages     = {549--556},
  year      = {2020}
}

@inproceedings{HGNN_Qi,
  author	   = {Qi Liu and Maximilian Nickel and Douwe Kiela},
  title		   = {Hyperbolic Graph Neural Networks},
  year		   = {2019},
  booktitle	   = {NeurIPS},
  pages		   = {8228-8239}
}

@inproceedings{GCN,
  author    = {Thomas N. Kipf and
               Max Welling},
  title     = {Semi-Supervised Classification with Graph Convolutional Networks},
  booktitle = {ICLR},
  year      = {2017}
}

@inproceedings{GAT,
  author    = {Petar Velickovic and
               Guillem Cucurull and
               Arantxa Casanova and
               Adriana Romero and
               Pietro Li{\`{o}} and
               Yoshua Bengio},
  title     = {Graph Attention Networks},
  booktitle = {ICLR},
  year      = {2018}
}

@inproceedings{HAtt,
  author    = {{\c{C}}aglar G{\"{u}}l{\c{c}}ehre and
               Misha Denil and
               Mateusz Malinowski and
               Ali Razavi and
               Razvan Pascanu and
               Karl Moritz Hermann and
               Peter W. Battaglia and
               Victor Bapst and
               David Raposo and
               Adam Santoro and
               Nando de Freitas},
  title     = {Hyperbolic Attention Networks},
  booktitle = {ICLR},
  year      = {2019},
}

@inproceedings{HNN:GaneaBH18,
  author    = {Octavian{-}Eugen Ganea and
               Gary B{\'{e}}cigneul and
               Thomas Hofmann},
  editor    = {Samy Bengio and
               Hanna M. Wallach and
               Hugo Larochelle and
               Kristen Grauman and
               Nicol{\`{o}} Cesa{-}Bianchi and
               Roman Garnett},
  title     = {Hyperbolic Neural Networks},
  booktitle = {NeurIPS},
  pages     = {5350--5360},
  year      = {2018},
}

@inproceedings{motif2019,
author = {Lee, John Boaz and Rossi, Ryan A. and Kong, Xiangnan and Kim, Sungchul and Koh, Eunyee and Rao, Anup},
title = {Graph Convolutional Networks with Motif-Based Attention},
year = {2019},
pages = {499–508},
booktitle ={CIKM}
}


@inproceedings{topic2020,
author = {Long, Qingqing and Jin, Yilun and Song, Guojie and Li, Yi and Lin, Wei},
title = {Graph Structural-Topic Neural Network},
year = {2020},
pages = {1065-1073},
booktitle = {SIGKDD},
}

@inproceedings{am-gcn2020,
author = {Wang, Xiao and Zhu, Meiqi and Bo, Deyu and Cui, Peng and Shi, Chuan and Pei, Jian},
title = {AM-GCN: Adaptive Multi-Channel Graph Convolutional Networks},
year = {2020},
booktitle = {SIGKDD},
pages = {1243–1253},
}

@article{Jin_Song_Shi_2020, 
title={GraLSP: Graph Neural Networks with Local Structural Patterns}, 
journal={AAAI},
author={Jin, Yilun and Song, Guojie and Shi, Chuan},
year={2020}, 
pages={4361-4368} 
}


@inproceedings{AbuElHaija2019MixHopHG,
  title={MixHop: Higher-Order Graph Convolutional Architectures via Sparsified Neighborhood Mixing},
  author={Sami Abu-El-Haija and Bryan Perozzi and Amol Kapoor and H. Harutyunyan and Nazanin Alipourfard and Kristina Lerman and G. V. Steeg and A. Galstyan},
  booktitle={ICML},
  year={2019},
  pages = {21-29}
}

@article{papadopoulos2012popularity,
  title={Popularity versus similarity in growing networks},
  author={Papadopoulos, Fragkiskos and Kitsak, Maksim and Serrano, M {\'A}ngeles and Bogun{\'a}, Mari{\'a}n and Krioukov, Dmitri},
  journal={Nature},
  pages={537--540},
  year={2012},
}

@Article{Krioukov2010Hyperbolic,
  author	   = {Krioukov, Dmitri and Papadopoulos, Fragkiskos and
                  Kitsak, Maksim and Vahdat, Amin and Boguñá,
                  Marián},
  title		   = {Hyperbolic geometry of complex networks},
  year		   = 2010,
  journal	   = {Physical Review E},
  pages        ={036106}
}

@inproceedings{kennedy2016hyperbolicity,
  title={On the hyperbolicity of large-scale networks and its estimation},
  author={Kennedy, W Sean and Saniee, Iraj and Narayan, Onuttom},
  booktitle={IEEE BigData},
  pages={3344--3351},
  year={2016},
  organization={IEEE}
}

@inproceedings{DBLP:conf/icml/NickelK18,
  author    = {Maximilian Nickel and
               Douwe Kiela},
  title     = {Learning Continuous Hierarchies in the Lorentz Model of Hyperbolic
               Geometry},
  booktitle = {ICML},
  pages     = {3776--3785},
  year      = {2018},
}

@inproceedings{hamilton2017inductive,
  title={Inductive representation learning on large graphs},
  author={Hamilton, Will and Ying, Zhitao and Leskovec, Jure},
  booktitle={NeurIPS},
  pages={1024--1034},
  year={2017}
}

@inproceedings{verbeek2014metric,
  title={Metric embedding, hyperbolic space, and social networks},
  author={Verbeek, Kevin and Suri, Subhash},
  booktitle={SOCG},
  pages={501--510},
  year={2014}
}

@inproceedings{nips17/HamiltonYL,
  author    = {William L. Hamilton and
               Zhitao Ying and
               Jure Leskovec},
  title     = {Inductive Representation Learning on Large Graphs},
  booktitle = {NeurIPS},
  pages     = {1024--1034},
  year      = {2017}
}

@inproceedings{PoincareGlove,
  author    = {Alexandru Tifrea and
               Gary B{\'{e}}cigneul and
               Octavian{-}Eugen Ganea},
  title     = {Poincare Glove: Hyperbolic Word Embeddings},
  booktitle = {ICLR},
  year      = {2019}
}

@inproceedings{balazevic2019multi,
  title={Multi-relational poincar{\'e} graph embeddings},
  author={Balazevic, Ivana and Allen, Carl and Hospedales, Timothy},
  booktitle={NeurIPS},
  pages={4463--4473},
  volume = {32},
  year={2019},
}


@inproceedings{wang2020h2kgat,
  title={H2KGAT: Hierarchical Hyperbolic Knowledge Graph Attention Network},
  author={Wang, Shen and Wei, Xiaokai and dos Santos, Cicero and Wang, Zhiguo and Nallapati, Ramesh and Arnold, Andrew and Xiang, Bing and Yu, Philip S.},
  booktitle={EMNLP},
  pages={4952--4962},
  year={2020}
}

@article{cannon1997hyperbolic,
  title={Hyperbolic geometry},
  author={Cannon, James W and Floyd, William J and Kenyon, Richard and Parry, Walter R and others},
  journal={Flavors of geometry},
  volume={31},
  pages={59--115},
  year={1997}
}

@inproceedings{adcock2013tree,
  title={Tree-like structure in large social and information networks},
  author={Adcock, Aaron B and Sullivan, Blair D and Mahoney, Michael W},
  booktitle={ICDM},
  pages={1--10},
  year={2013},
  organization={IEEE}
}

@article{bonnabel2013stochastic,
  title={Stochastic gradient descent on Riemannian manifolds},
  author={Bonnabel, Silvere},
  journal={IEEE Transactions on Automatic Control},
  volume={58},
  number={9},
  pages={2217--2229},
  year={2013},
  publisher={IEEE}
}

@article{narayan2011large,
  title={Large-scale curvature of networks},
  author={Narayan, Onuttom and Saniee, Iraj},
  journal={Physical Review E},
  volume={84},
  number={6},
  pages={066108},
  year={2011},
  publisher={APS}
}

@article{jonckheere2008scaled,
  title={Scaled Gromov hyperbolic graphs},
  author={Jonckheere, Edmond and Lohsoonthorn, Poonsuk and Bonahon, Francis},
  journal={Journal of Graph Theory},
  volume={57},
  number={2},
  pages={157--180},
  year={2008},
  publisher={Wiley Online Library}
}

@article{sen2008cora,
  title={Collective classification in network data},
  author={Sen, Prithviraj and Namata, Galileo and Bilgic, Mustafa and Getoor, Lise and Galligher, Brian and Eliassi-Rad, Tina},
  journal={AI magazine},
  volume={29},
  number={3},
  pages={93--93},
  year={2008}
}

@inproceedings{namata2012PUBMED,
  title={Query-driven active surveying for collective classification},
  author={Namata, Galileo and London, Ben and Getoor, Lise and Huang, Bert and EDU, UMD},
  booktitle={MLG},
  volume={8},
  year={2012}
}

@article{zubiaga2018detection,
  title={Detection and resolution of rumours in social media: A survey},
  author={Zubiaga, Arkaitz and Aker, Ahmet and Bontcheva, Kalina and Liakata, Maria and Procter, Rob},
  journal={ACM Computing Surveys (CSUR)},
  pages={1--36},
  year={2018}
}

@article{hu2003nash,
  title={Nash Q-learning for general-sum stochastic games},
  author={Hu, Junling and Wellman, Michael P},
  journal={Journal of machine learning research},
  volume={4},
  number={Nov},
  pages={1039--1069},
  year={2003}
}

@inproceedings{li2019semi,
  title={Semi-supervised graph classification: A hierarchical graph perspective},
  author={Li, Jia and Rong, Yu and Cheng, Hong and Meng, Helen and Huang, Wenbing and Huang, Junzhou},
  booktitle={WWW},
  pages={972--982},
  year={2019}
}

@incollection{getoor2005link,
  title={Link-based classification},
  author={Getoor, Lise},
  booktitle={Advanced methods for knowledge discovery from complex data},
  pages={189--207},
  year={2005},
}

@inproceedings{gilmer2017neural,
  title={Neural message passing for quantum chemistry},
  author={Gilmer, Justin and Schoenholz, Samuel S and Riley, Patrick F and Vinyals, Oriol and Dahl, George E},
  booktitle={ICML},
  pages={1263--1272},
  year={2017},
}

@inproceedings{zhou2017local,
  title={A local algorithm for structure-preserving graph cut},
  author={Zhou, Dawei and Zhang, Si and Yildirim, Mehmet Yigit and Alcorn, Scott and Tong, Hanghang and Davulcu, Hasan and He, Jingrui},
  booktitle={SIGKDD},
  pages={655--664},
  year={2017}
}


@article{van2008visualizing,
  title={Visualizing data using t-SNE.},
  author={Van der Maaten, Laurens and Hinton, Geoffrey},
  journal={Journal of machine learning research},
  volume={9},
  number={11},
  year={2008}
}